<?xml version="1.0" encoding="UTF-8"?><record xmlns="http://www.loc.gov/MARC21/slim" xmlns:cinclude="http://apache.org/cocoon/include/1.0" xmlns:zs="http://www.loc.gov/zing/srw/">
  <leader>00296nz  a2200121n  4500</leader>
  <controlfield tag="001">nr 94027613 </controlfield>
  <controlfield tag="003">DLC</controlfield>
  <controlfield tag="005">19940820055318.6</controlfield>
  <controlfield tag="008">940819n| acannaab|          |n aaa      </controlfield>
  <datafield tag="010" ind1=" " ind2=" ">
    <subfield code="a">nr 94027613 </subfield>
  </datafield>
  <datafield tag="040" ind1=" " ind2=" ">
    <subfield code="a">DLC-R</subfield>
    <subfield code="c">DLC-R</subfield>
  </datafield>
  <datafield tag="100" ind1="1" ind2="0">
    <subfield code="a">Doran, Clare</subfield>
  </datafield>
  <datafield tag="670" ind1=" " ind2=" ">
    <subfield code="a">The Japanese, 1995:</subfield>
    <subfield code="b">CIP t.p. (Clare Doran)</subfield>
  </datafield>
</record>